<?xml version="1.0" encoding="UTF-8"?><collection xmlns="http://www.loc.gov/MARC21/slim"><record><leader>00452nam--2200169-i-4500</leader><controlfield tag="001">000015219</controlfield><controlfield tag="002">20161230</controlfield><controlfield tag="005">20161230201031</controlfield><controlfield tag="008">060222s1000------------r-----000-0-eng-d</controlfield><datafield ind1=" " ind2=" " tag="040"><subfield code="a">IFIN-HH</subfield></datafield><datafield ind1=" " ind2=" " tag="080"><subfield code="a">669(038)=590=40</subfield></datafield><datafield ind1="1" ind2=" " tag="100"><subfield code="a">Breaban, Maria Luiza</subfield></datafield><datafield ind1="1" ind2="0" tag="245"><subfield code="a">Dictionar de metalurgie roman-francez</subfield><subfield code="c">Maria luiza breaban</subfield></datafield><datafield ind1=" " ind2=" " tag="260"><subfield code="a">Bucuresti</subfield><subfield code="b">Editura Tehnica</subfield><subfield code="c">1984</subfield></datafield><datafield ind1=" " ind2=" " tag="300"><subfield code="a">464P</subfield></datafield><datafield ind1=" " ind2=" " tag="852"><subfield code="a">D.600</subfield><subfield code="c">SLT</subfield></datafield><datafield ind1=" " ind2=" " tag="CAT"><subfield code="a">Sys</subfield><subfield code="c">20130227</subfield><subfield code="h">115421</subfield></datafield></record></collection>